@article{hall_2002,
	title={Assessment of the relative accuracy of hemispheric-scale snow-cover maps},
	volume={34},
	doi={10.3189/172756402781817770}, 
	journal={Ann. Glaciol.},
	publisher={Cambridge University Press},
	author={Hall, D. and Kelly, R. and Riggs, G. and Chang, A. and Foster, J.},
	year={2002},
	pages={24-30}
}

@techreport{pulliainen_2010,
	author = {Pulliainen, J. and Lahtinen, P. and Kärnä, J. and Koponen, S.},
	title = {{Algorithm Theoretical Definition Document (ATDD) for Product SN-OBS-2 - Snow Status (Dry/Wet) by Microwave Radiometry}},
	institution = {EUMETSAT H-SAF},
	year = {2010},
	number = {H11}
}

@book{tedesco_2014,
	author        = {Tedesco, M.},
	title         = {Remote Sensing of the Cryosphere},
	publisher     = {John Wiley \& Sons, Ltd},
	year          = {2014},
	doi           = {10.1002/9781118368909}
}

@book{rees_2005,
	author        = {W. Rees},
	title         = {Remote Sensing of Snow and Ice},
	publisher     = {CRC Press},
	year          = {2005},
	doi = {10.1201/9781420023749}
}

@article{pulliainen_2020,
	author = {Pulliainen, J. and Luojus, K. and Derksen, C. and Mudryk, L. and Lemmetyinen, J. and Salminen, M. and Ikonen, J. and Takala, M. and Cohen, J. and Smolander, T. and Norberg, J.},
	year = {2020},
	pages = {294-298},
	title = {Patterns and trends of {Northern Hemisphere} snow mass from 1980 to 2018},
	volume = {581},
	journal = {Nature},
	doi = {10.1038/s41586-020-2258-0}
}

@article{chang_1987,
	title={Nimbus-7 {SMMR} Derived Global Snow Cover Parameters},
	volume={9}, 
	doi={10.3189/S0260305500200736}, 
	journal={Ann. Glaciol.}, 
	publisher={Cambridge University Press}, 
	author={Chang, A. and Foster, J. and Hall, D.}, 
	year={1987}, 
	pages={39-44}
}

@article{foster_1997,
	title = {Comparison of snow mass estimates from a prototype passive microwave snow algorithm, a revised algorithm and a snow depth climatology},
	journal = {Remote Sensing of Environment},
	volume = {62},
	number = {2},
	pages = {132-142},
	year = {1997},
	doi = {10.1016/S0034-4257(97)00085-0},
	author = {J. Foster and A. Chang and D. Hall}
}

@article{grody_1996,
	author={Grody, N. and Basist, A.},
	journal={IEEE Transactions on Geoscience and Remote Sensing}, 
	title={Global identification of snowcover using {SSM/I} measurements}, 
	year={1996},
	volume={34},
	number={1},
	pages={237-249},
	doi={10.1109/36.481908}
}

@article{armstrong_2001,
	author = {Armstrong, R. and Brodzik, M.},
	title = {Recent {N}orthern {H}emisphere snow extent: A comparison of data derived from visible and microwave satellite sensors},
	journal = {Geophysical Research Letters},
	volume = {28},
	number = {19},
	pages = {3673-3676},
	doi = {10.1029/2000GL012556},
	year = {2001}
}

@article{kelly_2009,
	author = {Kelly, R.},
	year = {2009},
	month = {01},
	pages = {307-17},
	title = {{The AMSR-E Snow Depth Algorithm: Description and Initial Results}},
	volume = {29},
	journal = {Journal of the Remote Sensing Society of Japan},
	doi = {10.11440/rssj.29.307}
}

@article{matzler_1994,
	title={Passive microwave signatures of landscapes in winter},
	author={C. M{\"a}tzler},
	journal={Meteorology and Atmospheric Physics},
	year={1994},
	volume={54},
	pages={241-260},
	doi={10.1007/BF01030063}
}

@article{rautiainen_2014,
	title = {Detection of soil freezing from {L}-band passive microwave observations},
	journal = {Remote Sensing of Environment},
	volume = {147},
	pages = {206-218},
	year = {2014},
	doi = {10.1016/j.rse.2014.03.007},
	author = {K. Rautiainen and J. Lemmetyinen and M. Schwank and A. Kontu and C. Ménard and C. Mätzler and M. Drusch and A. Wiesmann and J. Ikonen and J. Pulliainen},
}

@book{ulaby_2014,
	author        = {Ulaby, F. and Long, D.},
	title         = {Microwave Radar and Radiometric Remote Sensing},
	publisher     = {The University of Michigan Press},
	year          = {2014},
	doi = {10.3998/0472119356}
}

@article{kelly_2003,
	author={Kelly, R. and Chang, A. and Tsang, L. and Foster, J.},
	journal={IEEE Transactions on Geoscience and Remote Sensing}, 
	title={A prototype {AMSR-E} global snow area and snow depth algorithm}, 
	year={2003},
	volume={41},
	number={2},
	pages={230-242},
	doi={10.1109/TGRS.2003.809118}
  }

@techreport{pedersen_2021,
	type = {Round {Robin} {Data} {Package} {Manual},},
	title = {Sea {Ice} {Concentration} ({SIC}) {Round} {Robin} {Data} {Package} ({RRDP})},
	number = {Version 3},
	institution = {ESA},
	author = {Pedersen, L. and Saldo, R. and Kern, S. and Tonboe, R.},
	year = {2021}
}

@article{menne_2012,
	title = {An {Overview} of the {Global} {Historical} {Climatology} {Network}-{Daily} {Database}},
	volume = {29},
	doi = {10.1175/JTECH-D-11-00103.1},
	number = {7},
	journal = {Journal of Atmospheric and Oceanic Technology},
	author = {Menne, M. and Durre, I. and Vose, R. and Gleason, B. and Houston, T.},
	year = {2012},
	pages = {897--910},
}

@article{dyer_mote_2006,
	title = {Spatial variability and trends in observed snow depth over {North} {America}},
	volume = {33},
	doi = {10.1029/2006GL027258},
	number = {16},
	journal = {Geophysical Research Letters},
	author = {Dyer, J. and Mote, T.},
	year = {2006},
	pages = {L16503}
}

@article{brodzik_2012,
	title = {{EASE}-{Grid} 2.0: {Incremental} but {Significant} {Improvements} for {Earth}-{Gridded} {Data} {Sets}},
	volume = {1},
	doi = {10.3390/ijgi1010032},
	number = {1},
	journal = {ISPRS International Journal of Geo-Information},
	author = {Brodzik, M. and Billingsley, B. and Haran, T. and Raup, B. and Savoie, M.},
	year = {2012},
	pages = {32--45}
}

@article{zschenderlein_2023,
	title = {Evaluation of passive microwave dry snow detection algorithms and application to {SWE} retrieval during seasonal snow accumulation},
	journal = {Remote Sensing of Environment},
	volume = {288},
	pages = {113476},
	year = {2023},
	doi = {10.1016/j.rse.2023.113476},
	author = {Zschenderlein, L. and Luojus, K. and Takala, M. and Venäläinen, P. and Pulliainen, J.}
}

@article{takala_2011,
	title = {Estimating northern hemisphere snow water equivalent for climate research through assimilation of space-borne radiometer data and ground-based measurements},
	volume = {115},
	doi = {10.1016/j.rse.2011.08.014},
	journal = {Remote Sensing of Environment},
	author = {Takala, Matias and Luojus, Kari and Pulliainen, Jouni and Derksen, Chris and Lemmetyinen, Juha and Kärnä, Juha-Petri and Koskinen, Jarkko and Bojkov, Bojan},
	year = {2011},
	pages = {3517--3529}
}

@article{dewey_heim_1982,
	title = {A {Digital} {Archive} of {Northern} {Hemisphere} {Snow} {Cover}, {November} 1966 through {December} 1980},
	volume = {63},
	doi = {10.1175/1520-0477(1982)063<1132:ADAONH>2.0.CO;2},
	number = {10},
	journal = {Bulletin of the American Meteorological Society},
	author = {Dewey, K. and Heim, R.},
	year = {1982},
	pages = {1132--1141}
}


@article{foster_2011,
	title = {A blended global snow product using visible, passive microwave and scatterometer satellite data},
	volume = {32},
	doi = {10.1080/01431160903548013},
	number = {5},
	journal = {International Journal of Remote Sensing},
	author = {Foster, J. and Hall, D. and Eylander, J. and Riggs, G. and Nghiem, S. and Tedesco, M. and Kim, E. and Montesano, P. and Kelly, R. and Casey, K. and Choudhury, B.},
	year = {2011},
	pages = {1371--1395}
}

@article{luojus_2021,
	title = {{GlobSnow} v3.0 {Northern} {Hemisphere} snow water equivalent dataset},
	volume = {8},
	doi = {10.1038/s41597-021-00939-2},
	number = {163},
	journal = {Scientific Data},
	author = {Luojus, K. and Pulliainen, J. and Takala, M. and Lemmetyinen, J. and Mortimer, C. and Derksen, C. and Mudryk, L. and Moisander, M. and Hiltunen, M. and Smolander, T. and Ikonen, J. and Cohen, J. and Salminen, M. and Norberg, J. and Veijola, K. and Venäläinen, P.},
	year = {2021},
	pages = {163}
}

@techreport{bulygina_2012,
	type = {Data {Set}, {ESS}-{DIVE} repository},
	title = {Daily {Temperature} and {Precipitation} {Data} for 518 {Russian} {Meteorological} {Stations} (1881-2010)},
	institution = {Carbon Dioxide Information Analysis Center (CDIAC), Oak Ridge National Laboratory (ORNL)},
	author = {Bulygina, O. and Razuvaev, V.},
	year = {2012},
	doi = {10.3334/CDIAC/CLI.100}
}

@article{chang_1982,
	title = {Snow water equivalent estimation by microwave radiometry},
	volume = {5},
	doi = {10.1016/0165-232X(82)90019-2},
	number = {3},
	journal = {Cold Regions Science and Technology},
	author = {Chang, A. and Foster, J. and Hall, D. and Rango, A. and Hartline, B.},
	year = {1982},
	pages = {259--267}
}
